@book{graphteoryintro,
	title={Introduction to  Graph  Theory },
	author={Robin  J.  Wilson},
	year={1996 },
	edition = {4th},
	publisher={ Longman  Group Ltd}
}

@book{yanandgav,
	title={Edge Dominating Sets in Graphs },
	author={M. Yannakakis and F. Gavril},
	year={1980 },
	publisher={Society for Industrial and Applied Mathematics}
}

@book{coloringapplications,
	title={Graph Coloring and its Real Time Applications anOverview },
	author={A.K.Bincy and B.Jeba Presitha},
	publisher={International Journal of Mathematics And its Applications}
}

@book{geneticachr,
	title={Optimization of Graph Coloring Problem using 
	Hybrid Selection: A Genetic Algorithm Approach },
	author={Sandeep R. Vasant, Bipin Thanki },
	publisher={Ahmedabad University, 
	Ahmedabad, Gujarat, India }
}

@book{wisdom,
	title={Genetic Algorithm Applied to the Graph Coloring Problem },
	author={Musa M. Hindi and Roman V. Yampolskiy },

}

@book{annealing,
	title={A complete algorithm to solve the graph-coloring problem},
	author={Huberto Ayanegui and Alberto Chavez-Aragon},
	publisher={Facultad de Ciencias Basicas, Ingenieria y Tecnologia}
}

@book{aop,
	title={An improved ant colony optimisation heuristic for graph colouring},
	author={Kathryn A. Dowslanda, Jonathan M. Thompson},
}